@book{fose2023,
	editor = {吉田 則裕 and 槇原 絵里奈},
	yomi = {yoshida},
	title = "ソフトウェア工学の基礎30,日本ソフトウェア科学会{\em FOSE2023} (to appear)",
	publisher = {近代科学社},
	year = 2023,
}