%% This BibTeX bibliography file was created using BibDesk.
%% https://bibdesk.sourceforge.io/

%% Created for Hisashi Ichikawa at 2021-11-15 23:13:11 +0900 


%% Saved with string encoding Unicode (UTF-8) 



@article{A01,
	author = {春名 修介 and 楠本 真二 and 井上 克郎},
	journal = {SEC jounal},
	month = {7},
	number = {2},
	pages = {54 -- 57},
	title = {実践的情報教育協働ネットワーク：enPiT},
	volume = {10},
	year = {2014}}

@inbook{A02,
	author = {井上 克郎 and 楠本 真二 and 後藤 厚宏 and 鵜林 尚靖 and 北川 博之},
	month = {2},
	pages = {194 -- 197},
	publisher = {情報処理, ぺた語義},
	title = {実践的情報教育協働ネットワークenPiT},
	year = {2014}}
